<?xml version="1.0" encoding="UTF-8"?><collection xmlns="http://www.loc.gov/MARC21/slim"><record><leader>00482nam--2200133-i-4500</leader><controlfield tag="001">000046652</controlfield><controlfield tag="002">20161230</controlfield><controlfield tag="005">20161230201046</controlfield><controlfield tag="008">060222s1000------------r-----000-0-eng-d</controlfield><datafield ind1=" " ind2=" " tag="080"><subfield code="a">621.375.826:539.184.3(043)</subfield></datafield><datafield ind1=" " ind2=" " tag="100"><subfield code="a">Vialle, J.L</subfield></datafield><datafield ind1=" " ind2=" " tag="245"><subfield code="a">Spectrometrie laser sur jet d`atomes alcalin. applications a l`etude d`isotopes instables a tres haute resolution de la photoionisation et de l`ionisation par champ. these</subfield></datafield><datafield ind1=" " ind2=" " tag="260"><subfield code="a">Paris, Univ., 1980, Vi+260p.+annexe</subfield></datafield><datafield ind1=" " ind2=" " tag="852"><subfield code="a">49714</subfield></datafield></record></collection>